@online{nodejs,
	author = {Node.js Foundation},
	title = {Node.js},
	year = 2018,
	url = {https://nodejs.org/it/},
	urldate = {2018-05-05}
}

@online{jseverywhere,
	author = {Wikimedia Foundation},
	title = {Node.js - Wikipedia},
	year = 2018,
	url = {https://en.wikipedia.org/wiki/Node.js},
	urldate = {2018-05-05}
}

