@online{nodejs,
	author = {Node.js Foundation},
	title = {Node.js},
	year = 2018,
	url = {https://nodejs.org/it/},
	urldate = {2018-06-05}
}

@online{jseverywhere,
	author = {Wikimedia Foundation},
	title = {Node.js - Wikipedia},
	year = 2018,
	url = {https://en.wikipedia.org/wiki/Node.js},
	urldate = {2018-06-05}
}

@online{mongodbcomparison,
	author = {MongoDB Inc.},
	title = {SQL to MongoDB Mapping Chart },
	year = 2018,
	url = {https://docs.mongodb.com/manual/reference/sql-comparison/},
	urldate = {2018-06-07}
}

@online{mongodbarchitecture,
	author = {MongoDB Inc.},
	title = {MongoDB Architecture},
	year = 2018,
	url = {https://www.mongodb.com/mongodb-architecture},
	urldate = {2018-06-07}
}

@online{angularoverview,
	author = {Google},
	title = {Angular - Architecture Overview},
	year = 2018,
	url = {https://angular.io/guide/architecture},
	urldate = {2018-06-08}
}

@online{mongoose,
	author = {Automattic},
	title = {MongoDB object modeling designed to work in an asynchronous environment},
	year = 2018,
	url = {https://github.com/Automattic/mongoose},
	urldate = {2018-06-16}
}

@online{ngxcore,
	author = {Ngx-translate},
	title = {The internationalization (i18n) library for Angular},
	year = 2018,
	url = {https://github.com/ngx-translate/core},
	urldate = {2018-06-16}
}

@online{inversifyjs,
	author = {Inversify},
	title = {A powerful and lightweight inversion of control container for JavaScript and Node.js apps powered by TypeScript},
	year = 2018,
	url = {https://github.com/inversify/InversifyJS},
	urldate = {2018-06-16}
}


@online{javascriptstatemachine,
	author = {Jakesgordon},
	title = {A javascript finite state machine library},
	year = 2018,
	url = {https://github.com/jakesgordon/javascript-state-machine},
	urldate = {2018-06-16}
}